<?xml version="1.0" encoding="UTF-8"?><collection xmlns="http://www.loc.gov/MARC21/slim"><record><leader>00504nam--2200181-i-4500</leader><controlfield tag="001">000019339</controlfield><controlfield tag="002">20161230</controlfield><controlfield tag="005">20161230201033</controlfield><controlfield tag="008">060222s1000------------r-----000-0-eng-d</controlfield><datafield ind1=" " ind2=" " tag="040"><subfield code="a">IFIN-HH</subfield></datafield><datafield ind1=" " ind2=" " tag="080"><subfield code="a">519.1</subfield></datafield><datafield ind1="1" ind2=" " tag="100"><subfield code="a">Eisen, Martin</subfield></datafield><datafield ind1="1" ind2="0" tag="245"><subfield code="a">Elementary combinatorial analysis</subfield><subfield code="c">Martin Eisen</subfield></datafield><datafield ind1=" " ind2=" " tag="260"><subfield code="a">New York, Gordon And Breach Science Publ., 1969</subfield></datafield><datafield ind1=" " ind2=" " tag="300"><subfield code="a">X + 233 P</subfield></datafield><datafield ind1=" " ind2=" " tag="490"><subfield code="a">Notes On Mathematics And Its Applications</subfield></datafield><datafield ind1=" " ind2=" " tag="852"><subfield code="a">36596</subfield><subfield code="c">519.2</subfield></datafield><datafield ind1=" " ind2=" " tag="CAT"><subfield code="a">Sys</subfield><subfield code="c">20100527</subfield><subfield code="h">094430</subfield></datafield></record></collection>